
@online{mfnf-ä-rel,
  title = "Mathe für Nicht-Freaks",
  url = "https://de.wikibooks.org/wiki/Mathe_f\%C3\%BCr_Nicht-Freaks:_\%C3\%84quivalenzrelation"
}
@online{mfnf-o-rel,
  title = "Mathe für Nicht-Freaks",
  url = "https://de.wikibooks.org/wiki/Mathe_f\%C3\%BCr_Nicht-Freaks:_Ordnungsrelation#Halbordnung"
}
