@online{wiki-jacobi,
  title = "Jacobi-Matrix",
  url = "https://de.wikipedia.org/wiki/Jacobi-Matrix"
}
@online{wolfram-polar,
  title = "Polar coordinates",
  url = "https://mathworld.wolfram.com/PolarCoordinates.html"
}
@online{wiki-matrixwurzel,
  title = "Matrixwurzel",
  url = "https://de.wikipedia.org/wiki/Quadratwurzel_einer_Matrix"
}
